@inproceedings{naiouf2010procesamiento,
  title={Procesamiento distribuido y paralelo. Fundamentos y aplicaciones},
  author={Naiouf, RM and De Giusti, Armando E and De Giusti, Laura C and Chichizola, Franco and Pousa, Adrian and Sanz, V},
  booktitle={XII Workshop de Investigadores en Ciencias de la Computaci{\'o}n},
  pages={611--616},
  year={2010}
}

@book{cormen2022introduction,
  title={Introduction to algorithms},
  author={Cormen, Thomas H and Leiserson, Charles E and Rivest, Ronald L and Stein, Clifford},
  year={2022},
  publisher={MIT press}
}

@book{pacheco2011introduction,
  title={An introduction to parallel programming},
  author={Pacheco, Peter},
  year={2011},
  publisher={Elsevier}
}

